<?xml version='1.0' encoding='utf-8'?>
<record xmlns="http://www.loc.gov/MARC21/slim" xmlns:xsi="http://www.w3.org/2001/XMLSchema-instance">
  <leader>00000nas^a2200361^a^4500</leader>
  <controlfield tag="001">005837095</controlfield>
  <controlfield tag="005">20100222122300.0</controlfield>
  <controlfield tag="008">040412c20019999miuer^ne^^^^^^0^^^f0ara^d</controlfield>
  <datafield tag="010" ind1=" " ind2=" ">
    <subfield code="a">2004222529</subfield>
  </datafield>
  <datafield tag="035" ind1=" " ind2=" ">
    <subfield code="a">(OCoLC)54084367</subfield>
  </datafield>
  <datafield tag="040" ind1=" " ind2=" ">
    <subfield code="a">MiU-H</subfield>
    <subfield code="c">MiU-H</subfield>
  </datafield>
  <datafield tag="041" ind1="0" ind2=" ">
    <subfield code="a">araeng</subfield>
  </datafield>
  <datafield tag="043" ind1=" " ind2=" ">
    <subfield code="a">ma-----</subfield>
  </datafield>
  <datafield tag="245" ind1="0" ind2="3">
    <subfield code="6">00</subfield>
    <subfield code="a">al-Ḥadath :</subfield>
    <subfield code="b">akhbārīyah, fannīyah, ʻilmīyah, thaqāfīyah.</subfield>
  </datafield>
  <datafield tag="245" ind1="0" ind2="2">
    <subfield code="6">00</subfield>
    <subfield code="a">الحدث :</subfield>
    <subfield code="b">اخبارية، اجتماعية، فنية، علمية، ثقافية.</subfield>
  </datafield>
  <datafield tag="246" ind1="1" ind2="3">
    <subfield code="a">Alhadath newspaper</subfield>
  </datafield>
  <datafield tag="246" ind1="1" ind2="3">
    <subfield code="a">Michigan Arab Times</subfield>
  </datafield>
  <datafield tag="260" ind1=" " ind2=" ">
    <subfield code="a">Dearborn, MI :</subfield>
    <subfield code="b">Bassām Murād.</subfield>
  </datafield>
  <datafield tag="300" ind1=" " ind2=" ">
    <subfield code="a">v. :</subfield>
    <subfield code="b">ill. (some col.) ;</subfield>
    <subfield code="c">38 cm.</subfield>
  </datafield>
  <datafield tag="310" ind1=" " ind2=" ">
    <subfield code="a">Biweekly</subfield>
  </datafield>
  <datafield tag="362" ind1="0" ind2=" ">
    <subfield code="a">Nov. 2001-</subfield>
  </datafield>
  <datafield tag="500" ind1=" " ind2=" ">
    <subfield code="a">Title from caption.</subfield>
  </datafield>
  <datafield tag="500" ind1=" " ind2=" ">
    <subfield code="a">Description based on: Vol. [4?], no. 71 (Sept. 1, 2004) ; last issue consulted: vol. 8, no. 164 (Oct. 3, 2008).</subfield>
  </datafield>
  <datafield tag="546" ind1=" " ind2=" ">
    <subfield code="a">Chiefly in Arabic; some advertisements in English.</subfield>
  </datafield>
  <datafield tag="530" ind1=" " ind2=" ">
    <subfield code="a">Also available by subscription via the World Wide Web.</subfield>
  </datafield>
  <datafield tag="650" ind1=" " ind2="0">
    <subfield code="a">Arab Americans</subfield>
    <subfield code="z">Michigan</subfield>
    <subfield code="v">Newspapers.</subfield>
  </datafield>
  <datafield tag="651" ind1=" " ind2="0">
    <subfield code="a">Dearborn (Mich.)</subfield>
    <subfield code="v">Newspapers.</subfield>
  </datafield>
  <datafield tag="852" ind1="8" ind2=" ">
    <subfield code="a">MiU-H</subfield>
    <subfield code="b">BENT</subfield>
    <subfield code="h">2008129 Aa 2</subfield>
  </datafield>
  <datafield tag="998" ind1=" " ind2=" ">
    <subfield code="c">OV</subfield>
  </datafield>
  <datafield tag="955" ind1=" " ind2=" ">
    <subfield code="b">BENT</subfield>
    <subfield code="p">5837095-100</subfield>
    <subfield code="z">v.8:no.169(2008:Dec. 12)</subfield>
  </datafield>
  <datafield tag="955" ind1=" " ind2=" ">
    <subfield code="b">BENT</subfield>
    <subfield code="p">5837095-1000</subfield>
    <subfield code="z">v.11:no.230(2011:July 29)</subfield>
  </datafield>
  <datafield tag="955" ind1=" " ind2=" ">
    <subfield code="b">BENT</subfield>
    <subfield code="p">5837095-1010</subfield>
    <subfield code="z">v.11:no.231(2011:Aug. 12)</subfield>
  </datafield>
  <datafield tag="955" ind1=" " ind2=" ">
    <subfield code="b">BENT</subfield>
    <subfield code="p">5837095-1020</subfield>
    <subfield code="z">v.11:no.232(2011:Aug. 26)</subfield>
  </datafield>
  <datafield tag="955" ind1=" " ind2=" ">
    <subfield code="b">BENT</subfield>
    <subfield code="p">5837095-1030</subfield>
    <subfield code="z">v.11:no.233(2011:Sep. 09)</subfield>
  </datafield>
  <datafield tag="955" ind1=" " ind2=" ">
    <subfield code="b">BENT</subfield>
    <subfield code="p">5837095-1040</subfield>
    <subfield code="z">v.11:no.234(2011:Sep. 23)</subfield>
  </datafield>
  <datafield tag="955" ind1=" " ind2=" ">
    <subfield code="b">BENT</subfield>
    <subfield code="p">5837095-1050</subfield>
    <subfield code="z">v.11:no.235(2011:Nov. 07)</subfield>
  </datafield>
  <datafield tag="955" ind1=" " ind2=" ">
    <subfield code="b">BENT</subfield>
    <subfield code="p">5837095-110</subfield>
    <subfield code="z">v.8:no.170(2008:Dec. 26)</subfield>
  </datafield>
  <datafield tag="955" ind1=" " ind2=" ">
    <subfield code="b">BENT</subfield>
    <subfield code="p">5837095-120</subfield>
    <subfield code="z">v.8:no.170(2009:Jan. 09)</subfield>
  </datafield>
  <datafield tag="955" ind1=" " ind2=" ">
    <subfield code="b">BENT</subfield>
    <subfield code="p">5837095-130</subfield>
    <subfield code="z">v.8:no.171(2009:Jan. 23)</subfield>
  </datafield>
  <datafield tag="955" ind1=" " ind2=" ">
    <subfield code="b">BENT</subfield>
    <subfield code="p">5837095-140</subfield>
    <subfield code="z">v.8:no.172(2009:Feb. 06)</subfield>
  </datafield>
  <datafield tag="955" ind1=" " ind2=" ">
    <subfield code="b">BENT</subfield>
    <subfield code="p">5837095-150</subfield>
    <subfield code="z">v.8:no.173(2009:Feb. 20)</subfield>
  </datafield>
  <datafield tag="955" ind1=" " ind2=" ">
    <subfield code="b">BENT</subfield>
    <subfield code="p">5837095-160</subfield>
    <subfield code="z">v.8:no.174(2009:Mar. 06)</subfield>
  </datafield>
  <datafield tag="955" ind1=" " ind2=" ">
    <subfield code="b">BENT</subfield>
    <subfield code="p">5837095-170</subfield>
    <subfield code="z">v.9:no.175(2009:Mar. 20)</subfield>
  </datafield>
  <datafield tag="955" ind1=" " ind2=" ">
    <subfield code="b">BENT</subfield>
    <subfield code="p">5837095-180</subfield>
    <subfield code="z">v.9:no.176(2009:April 03)</subfield>
  </datafield>
  <datafield tag="955" ind1=" " ind2=" ">
    <subfield code="b">BENT</subfield>
    <subfield code="p">5837095-190</subfield>
    <subfield code="z">v.9:no.177(2009:April 17)</subfield>
  </datafield>
  <datafield tag="955" ind1=" " ind2=" ">
    <subfield code="b">BENT</subfield>
    <subfield code="p">5837095-20</subfield>
    <subfield code="z">v.8:no.161(2008:Aug. 22)</subfield>
  </datafield>
  <datafield tag="955" ind1=" " ind2=" ">
    <subfield code="b">BENT</subfield>
    <subfield code="p">5837095-200</subfield>
    <subfield code="z">v.9:no.178(2009:May 08)</subfield>
  </datafield>
  <datafield tag="955" ind1=" " ind2=" ">
    <subfield code="b">BENT</subfield>
    <subfield code="p">5837095-210</subfield>
    <subfield code="z">v.9:no.179(2009:May 22)</subfield>
  </datafield>
  <datafield tag="955" ind1=" " ind2=" ">
    <subfield code="b">BENT</subfield>
    <subfield code="p">5837095-220</subfield>
    <subfield code="z">v.9:no.180(2009:June 5)</subfield>
  </datafield>
  <datafield tag="955" ind1=" " ind2=" ">
    <subfield code="b">BENT</subfield>
    <subfield code="p">5837095-230</subfield>
    <subfield code="z">v.9:no.181(2009:Jun. 19)</subfield>
  </datafield>
  <datafield tag="955" ind1=" " ind2=" ">
    <subfield code="b">BENT</subfield>
    <subfield code="p">5837095-250</subfield>
    <subfield code="z">v.9:no.182(2009:Jul. 10)</subfield>
  </datafield>
  <datafield tag="955" ind1=" " ind2=" ">
    <subfield code="b">BENT</subfield>
    <subfield code="p">5837095-260</subfield>
    <subfield code="z">v.9:no.183(2009:Jul. 24)</subfield>
  </datafield>
  <datafield tag="955" ind1=" " ind2=" ">
    <subfield code="b">BENT</subfield>
    <subfield code="p">5837095-30</subfield>
    <subfield code="z">v.8:no.162(2008:Sep. 05)</subfield>
  </datafield>
  <datafield tag="955" ind1=" " ind2=" ">
    <subfield code="b">BENT</subfield>
    <subfield code="p">5837095-40</subfield>
    <subfield code="z">v.8:no.163(2008:Sep. 19)</subfield>
  </datafield>
  <datafield tag="955" ind1=" " ind2=" ">
    <subfield code="b">BENT</subfield>
    <subfield code="p">5837095-50</subfield>
    <subfield code="z">v.8:no.164(2008:Oct. 03)</subfield>
  </datafield>
  <datafield tag="955" ind1=" " ind2=" ">
    <subfield code="b">BENT</subfield>
    <subfield code="p">5837095-530</subfield>
    <subfield code="z">v.9:no.184(2009:Aug. 14)</subfield>
  </datafield>
  <datafield tag="955" ind1=" " ind2=" ">
    <subfield code="b">BENT</subfield>
    <subfield code="p">5837095-540</subfield>
    <subfield code="z">v.9:no.185(2009:Sept. 4)</subfield>
  </datafield>
  <datafield tag="955" ind1=" " ind2=" ">
    <subfield code="b">BENT</subfield>
    <subfield code="p">5837095-550</subfield>
    <subfield code="z">v.9:no.186(2009:Sep. 11)</subfield>
  </datafield>
  <datafield tag="955" ind1=" " ind2=" ">
    <subfield code="b">BENT</subfield>
    <subfield code="p">5837095-560</subfield>
    <subfield code="z">v.9:no.187(2009:Sep. 25)</subfield>
  </datafield>
  <datafield tag="955" ind1=" " ind2=" ">
    <subfield code="b">BENT</subfield>
    <subfield code="p">5837095-570</subfield>
    <subfield code="z">v.9:no.188(2009:Oct. 16)</subfield>
  </datafield>
  <datafield tag="955" ind1=" " ind2=" ">
    <subfield code="b">BENT</subfield>
    <subfield code="p">5837095-580</subfield>
    <subfield code="z">v.9:no.189(2009:Nov. 6)</subfield>
  </datafield>
  <datafield tag="955" ind1=" " ind2=" ">
    <subfield code="b">BENT</subfield>
    <subfield code="p">5837095-590</subfield>
    <subfield code="z">v.9:no.190(2009:Nov. 20)</subfield>
  </datafield>
  <datafield tag="955" ind1=" " ind2=" ">
    <subfield code="b">BENT</subfield>
    <subfield code="p">5837095-60</subfield>
    <subfield code="z">v.8:no.165(2008:Oct. 17)</subfield>
  </datafield>
  <datafield tag="955" ind1=" " ind2=" ">
    <subfield code="b">BENT</subfield>
    <subfield code="p">5837095-600</subfield>
    <subfield code="z">v.9:no.191(2009:Dec. 11)</subfield>
  </datafield>
  <datafield tag="955" ind1=" " ind2=" ">
    <subfield code="b">BENT</subfield>
    <subfield code="p">5837095-610</subfield>
    <subfield code="z">v.9:no.192(2009:Dec. 04)</subfield>
  </datafield>
  <datafield tag="955" ind1=" " ind2=" ">
    <subfield code="b">BENT</subfield>
    <subfield code="p">5837095-620</subfield>
    <subfield code="z">v.9:no.193(2010:Jan. 15)</subfield>
  </datafield>
  <datafield tag="955" ind1=" " ind2=" ">
    <subfield code="b">BENT</subfield>
    <subfield code="p">5837095-630</subfield>
    <subfield code="z">v.9:no.194(2010:Jan. 01)</subfield>
  </datafield>
  <datafield tag="955" ind1=" " ind2=" ">
    <subfield code="b">BENT</subfield>
    <subfield code="p">5837095-650</subfield>
    <subfield code="z">v.9:no.196(2010:Jan. 29)</subfield>
  </datafield>
  <datafield tag="955" ind1=" " ind2=" ">
    <subfield code="b">BENT</subfield>
    <subfield code="p">5837095-660</subfield>
    <subfield code="z">v.10:no.195(2010:Feb. 19)</subfield>
  </datafield>
  <datafield tag="955" ind1=" " ind2=" ">
    <subfield code="b">BENT</subfield>
    <subfield code="p">5837095-670</subfield>
    <subfield code="z">v.9:no.198(2010:Feb. 26)</subfield>
  </datafield>
  <datafield tag="955" ind1=" " ind2=" ">
    <subfield code="b">BENT</subfield>
    <subfield code="p">5837095-680</subfield>
    <subfield code="z">v.10:no.196(2010:Mar. 05)</subfield>
  </datafield>
  <datafield tag="955" ind1=" " ind2=" ">
    <subfield code="b">BENT</subfield>
    <subfield code="p">5837095-690</subfield>
    <subfield code="z">v.10:no.197(2010:Mar. 19)</subfield>
  </datafield>
  <datafield tag="955" ind1=" " ind2=" ">
    <subfield code="b">BENT</subfield>
    <subfield code="p">5837095-70</subfield>
    <subfield code="z">v.8:no.166(2008:Oct. 31)</subfield>
  </datafield>
  <datafield tag="955" ind1=" " ind2=" ">
    <subfield code="b">BENT</subfield>
    <subfield code="p">5837095-700</subfield>
    <subfield code="z">v.10:no.198(2010:April 09)</subfield>
  </datafield>
  <datafield tag="955" ind1=" " ind2=" ">
    <subfield code="b">BENT</subfield>
    <subfield code="p">5837095-710</subfield>
    <subfield code="z">v.10:no.198(2010:April 09)</subfield>
  </datafield>
  <datafield tag="955" ind1=" " ind2=" ">
    <subfield code="b">BENT</subfield>
    <subfield code="p">5837095-720</subfield>
    <subfield code="z">v.10:no.199(2010:May 07)</subfield>
  </datafield>
  <datafield tag="955" ind1=" " ind2=" ">
    <subfield code="b">BENT</subfield>
    <subfield code="p">5837095-730</subfield>
    <subfield code="z">v.10:no.200(2010:May 21)</subfield>
  </datafield>
  <datafield tag="955" ind1=" " ind2=" ">
    <subfield code="b">BENT</subfield>
    <subfield code="p">5837095-740</subfield>
    <subfield code="z">v.10:no.201(2010:Jun. 04)</subfield>
  </datafield>
  <datafield tag="955" ind1=" " ind2=" ">
    <subfield code="b">BENT</subfield>
    <subfield code="p">5837095-750</subfield>
    <subfield code="z">v.10:no.202(2010:Jun. 18)</subfield>
  </datafield>
  <datafield tag="955" ind1=" " ind2=" ">
    <subfield code="b">BENT</subfield>
    <subfield code="p">5837095-760</subfield>
    <subfield code="z">v.10:no.203(2010:Jul. 09)</subfield>
  </datafield>
  <datafield tag="955" ind1=" " ind2=" ">
    <subfield code="b">BENT</subfield>
    <subfield code="p">5837095-770</subfield>
    <subfield code="z">v.10:no.204(2010:Jul. 23)</subfield>
  </datafield>
  <datafield tag="955" ind1=" " ind2=" ">
    <subfield code="b">BENT</subfield>
    <subfield code="p">5837095-780</subfield>
    <subfield code="z">v.10:no.205(2010:Aug. 06)</subfield>
  </datafield>
  <datafield tag="955" ind1=" " ind2=" ">
    <subfield code="b">BENT</subfield>
    <subfield code="p">5837095-790</subfield>
    <subfield code="z">v.10:no.209(2010:Oct. 15)</subfield>
  </datafield>
  <datafield tag="955" ind1=" " ind2=" ">
    <subfield code="b">BENT</subfield>
    <subfield code="p">5837095-80</subfield>
    <subfield code="z">v.8:no.167(2008:Nov. 14)</subfield>
  </datafield>
  <datafield tag="955" ind1=" " ind2=" ">
    <subfield code="b">BENT</subfield>
    <subfield code="p">5837095-800</subfield>
    <subfield code="z">v.10:no.210(2010:Npv. 05)</subfield>
  </datafield>
  <datafield tag="955" ind1=" " ind2=" ">
    <subfield code="b">BENT</subfield>
    <subfield code="p">5837095-810</subfield>
    <subfield code="z">v.10:no.211(2010:Nov. 19)</subfield>
  </datafield>
  <datafield tag="955" ind1=" " ind2=" ">
    <subfield code="b">BENT</subfield>
    <subfield code="p">5837095-820</subfield>
    <subfield code="z">v.10:no.212(2010:Dec. 03)</subfield>
  </datafield>
  <datafield tag="955" ind1=" " ind2=" ">
    <subfield code="b">BENT</subfield>
    <subfield code="p">5837095-830</subfield>
    <subfield code="z">v.10:no.213(2010:Dec. 17)</subfield>
  </datafield>
  <datafield tag="955" ind1=" " ind2=" ">
    <subfield code="b">BENT</subfield>
    <subfield code="p">5837095-840</subfield>
    <subfield code="z">v.11:no.214(2011:Feb. 18)</subfield>
  </datafield>
  <datafield tag="955" ind1=" " ind2=" ">
    <subfield code="b">BENT</subfield>
    <subfield code="p">5837095-850</subfield>
    <subfield code="z">v.11:no.215(2011:Jan. 14)</subfield>
  </datafield>
  <datafield tag="955" ind1=" " ind2=" ">
    <subfield code="b">BENT</subfield>
    <subfield code="p">5837095-860</subfield>
    <subfield code="z">v.11:no.216(2011:Jan. 28)</subfield>
  </datafield>
  <datafield tag="955" ind1=" " ind2=" ">
    <subfield code="b">BENT</subfield>
    <subfield code="p">5837095-870</subfield>
    <subfield code="z">v.11:no.217(2011:Feb.11)</subfield>
  </datafield>
  <datafield tag="955" ind1=" " ind2=" ">
    <subfield code="b">BENT</subfield>
    <subfield code="p">5837095-880</subfield>
    <subfield code="z">v.11:no.218(2011:Feb. 25)</subfield>
  </datafield>
  <datafield tag="955" ind1=" " ind2=" ">
    <subfield code="b">BENT</subfield>
    <subfield code="p">5837095-890</subfield>
    <subfield code="z">v.11:no.219(2011:Mar.11)</subfield>
  </datafield>
  <datafield tag="955" ind1=" " ind2=" ">
    <subfield code="b">BENT</subfield>
    <subfield code="p">5837095-90</subfield>
    <subfield code="z">v.8:no.168(2008:Nov. 28)</subfield>
  </datafield>
  <datafield tag="955" ind1=" " ind2=" ">
    <subfield code="b">BENT</subfield>
    <subfield code="p">5837095-900</subfield>
    <subfield code="z">v.11:no.220(2011:Mar. 25)</subfield>
  </datafield>
  <datafield tag="955" ind1=" " ind2=" ">
    <subfield code="b">BENT</subfield>
    <subfield code="p">5837095-910</subfield>
    <subfield code="z">v.11:no.221(2011:April 08)</subfield>
  </datafield>
  <datafield tag="955" ind1=" " ind2=" ">
    <subfield code="b">BENT</subfield>
    <subfield code="p">5837095-920</subfield>
    <subfield code="z">v.11:no.222(2011:April 22)</subfield>
  </datafield>
  <datafield tag="955" ind1=" " ind2=" ">
    <subfield code="b">BENT</subfield>
    <subfield code="p">5837095-930</subfield>
    <subfield code="z">v.11:no.223(2011:May 06)</subfield>
  </datafield>
  <datafield tag="955" ind1=" " ind2=" ">
    <subfield code="b">BENT</subfield>
    <subfield code="p">5837095-940</subfield>
    <subfield code="z">v.11:no.224(2011:May 20)</subfield>
  </datafield>
  <datafield tag="955" ind1=" " ind2=" ">
    <subfield code="b">BENT</subfield>
    <subfield code="p">5837095-950</subfield>
    <subfield code="z">v.11:no.225(2011:June 03)</subfield>
  </datafield>
  <datafield tag="955" ind1=" " ind2=" ">
    <subfield code="b">BENT</subfield>
    <subfield code="p">5837095-960</subfield>
    <subfield code="z">v.11:no.226(2011:Jun. 10)</subfield>
  </datafield>
  <datafield tag="955" ind1=" " ind2=" ">
    <subfield code="b">BENT</subfield>
    <subfield code="p">5837095-970</subfield>
    <subfield code="z">v.11:no.227(2011:Jun. 17)</subfield>
  </datafield>
  <datafield tag="955" ind1=" " ind2=" ">
    <subfield code="b">BENT</subfield>
    <subfield code="p">5837095-980</subfield>
    <subfield code="z">v.11:no.228(2011:Jul. 01)</subfield>
  </datafield>
  <datafield tag="955" ind1=" " ind2=" ">
    <subfield code="b">BENT</subfield>
    <subfield code="p">5837095-990</subfield>
    <subfield code="z">v.11:no.229(2011:Jul. 15)</subfield>
  </datafield>
  <datafield tag="955" ind1=" " ind2=" ">
    <subfield code="b">BENT</subfield>
    <subfield code="p">B3244414</subfield>
  </datafield>
</record>
